@article{lebersorger2014food,
  title={Food loss rates at the food retail, influencing factors and reasons as a basis for waste prevention measures},
  author={Lebersorger, Sandra and Schneider, Felicitas},
  journal={Waste management},
  volume={34},
  number={11},
  pages={1911--1919},
  year={2014},
  publisher={Elsevier}
}

@misc{gustavsson2011global,
  title={Global food losses and food waste},
  author={Gustavsson, Jenny and Cederberg, Christel and Sonesson, Ulf and Van Otterdijk, Robert and Meybeck, Alexandre},
  year={2011},
  publisher={FAO Rome}
}

@book{riches1986food,
  title={Food banks and the welfare crisis},
  author={Riches, Graham},
  year={1986},
  publisher={James Lorimer \& Company}
}

@book{eriksson2012retail,
  title={Retail food wastage},
  author={Eriksson, Mattias},
  volume={45},
  year={2012}
}

@book{cheng2018build,
  title={Build Mobile Apps with Ionic 4 and Firebase},
  author={Cheng, Fu and Cheng, Fu},
  year={2018},
  publisher={Springer}
}

%citations:
% https://www.sciencedirect.com/science/article/pii/S0956053X14002694
% https://www.madr.ro/docs/ind-alimentara/risipa_alimentara/presentation_food_waste.pdf
% https://pub.epsilon.slu.se/9264/
% https://books.google.ie/books?hl=en&lr=&id=BW9CEBIslSQC&oi=fnd&pg=PA3&dq=food+banks&ots=6Jx7-BqlcO&sig=CZUNXXHeAN1tKd0K1QvdtaoGiwk&redir_esc=y#v=onepage&q=food%20banks&f=false