@article{zasloff2002antimicrobial,
	title={Antimicrobial peptides of multicellular organisms},
	author={Zasloff, Michael},
	journal={nature},
	volume={415},
	number={6870},
	pages={389--395},
	year={2002},
	publisher={Nature Publishing Group}
}

%citations:
% https://www.sciencedirect.com/science/article/pii/S0956053X14002694
% https://www.madr.ro/docs/ind-alimentara/risipa_alimentara/presentation_food_waste.pdf
% https://pub.epsilon.slu.se/9264/


%other refs:
% https://miro.medium.com/max/3336/1*YMFKP8e6kR9cbM3IKXBtLw.png

